<record><leader>00000cas a2200000 a 4500</leader><controlfield tag="001">13213949</controlfield><controlfield tag="008">860228d18491851inuwr ne      0    0eng c</controlfield><datafield ind1=" " ind2=" " tag="010"><subfield code="a">sn 86058337 </subfield></datafield><datafield ind1=" " ind2=" " tag="040"><subfield code="a">NPI</subfield><subfield code="b">eng</subfield><subfield code="c">NPI</subfield><subfield code="d">CUI</subfield><subfield code="d">OCLCQ</subfield><subfield code="d">OCLCF</subfield></datafield><datafield ind1="1" ind2=" " tag="029"><subfield code="a">AU@</subfield><subfield code="b">000025801650</subfield></datafield><datafield ind1=" " ind2=" " tag="042"><subfield code="a">pcc</subfield></datafield><datafield ind1=" " ind2=" " tag="043"><subfield code="a">n-us-in</subfield></datafield><datafield ind1=" " ind2="4" tag="050"><subfield code="a">AN</subfield></datafield><datafield ind1="0" ind2=" " tag="130"><subfield code="a">Practical observer (Valparaiso, Ind. : 1849)</subfield></datafield><datafield ind1="1" ind2="0" tag="245"><subfield code="a">Practical observer.</subfield></datafield><datafield ind1=" " ind2=" " tag="260"><subfield code="a">Valparaiso, Ind. :</subfield><subfield code="b">William C. Talcott,</subfield><subfield code="c">1849-1851.</subfield></datafield><datafield ind1=" " ind2=" " tag="300"><subfield code="a">2 v. :</subfield><subfield code="b">ill. (chiefly advertisements) ;</subfield><subfield code="c">52-60 cm.</subfield></datafield><datafield ind1=" " ind2=" " tag="310"><subfield code="a">Weekly</subfield></datafield><datafield ind1="0" ind2=" " tag="362"><subfield code="a">Vol. 1, no. 1 (Aug. 1, 1849)-v. 2, no. 28 (Feb. 5, 1851).</subfield></datafield><datafield ind1=" " ind2=" " tag="500"><subfield code="a">Democratic Cf. Miller, John W. Indiana newspaper bibliog.</subfield></datafield><datafield ind1=" " ind2="0" tag="651"><subfield code="a">Valparaiso (Ind.)</subfield><subfield code="v">Newspapers.</subfield></datafield><datafield ind1=" " ind2="0" tag="651"><subfield code="a">Porter County (Ind.)</subfield><subfield code="v">Newspapers.</subfield></datafield><datafield ind1=" " ind2="7" tag="655"><subfield code="a">Newspapers.</subfield><subfield code="2">fast</subfield><subfield code="0">(OCoLC)fst01423814</subfield></datafield><datafield ind1=" " ind2="7" tag="651"><subfield code="a">Indiana</subfield><subfield code="z">Porter County.</subfield><subfield code="2">fast</subfield><subfield code="0">(OCoLC)fst01215718</subfield></datafield><datafield ind1=" " ind2="7" tag="651"><subfield code="a">Indiana</subfield><subfield code="z">Valparaiso.</subfield><subfield code="2">fast</subfield><subfield code="0">(OCoLC)fst01210544</subfield></datafield><datafield ind1=" " ind2=" " tag="752"><subfield code="a">United States</subfield><subfield code="b">Indiana</subfield><subfield code="c">Porter</subfield><subfield code="d">Valparaiso.</subfield></datafield><datafield ind1="0" ind2="0" tag="780"><subfield code="t">Western ranger</subfield><subfield code="w">(DLC)sn 83025601</subfield><subfield code="w">(OCoLC)9647533</subfield></datafield><datafield ind1="0" ind2="0" tag="785"><subfield code="t">Valparaiso practical observer</subfield><subfield code="w">(DLC)sn 86058524</subfield><subfield code="w">(OCoLC)13517226</subfield></datafield></record>